# DATASETS ---------------------------------------------------------------------

@article{data_wine,
  title={PARVUS: An extendable package of programs for data exploration, classification and correlation},
  author={Forina, Michele and Leardi, Riccardo and Armanino, C and Lanteri, Silvia and Conti, P and Princi, P},
  journal={Journal of Chemometrics},
  volume={4},
  number={2},
  pages={191--193},
  year={1988}
}

@misc{data_clustering,
    author = {Pasi Fr\"anti and Sami Sieranoja},
    title = {K-means properties on six clustering benchmark datasets},
    year = {2018},
    volume  = {48},
    number  = {12},
    pages   = {4743--4759},
    url = {http://cs.uef.fi/sipu/datasets/},
}

@TECHREPORT{data_Asets,
  author = {I. K\"arkk\"ainen and P. Fr\"anti},
  title = {Dynamic local search algorithm for the clustering problem},
  institution = {Department of Computer Science, University of Joensuu},
  address = {Joensuu, Finland},
  number = {A-2002-6},
  year = {2002}
}

@article{data_Ssets,
  author  = {P. Fr\"anti and O. Virmajoki},
    title   = {Iterative shrinking method for clustering problems},
    journal = {Pattern Recognition},
    year    = {2006},
    volume  = {39},
    number  = {5},
    pages   = {761--765},
    doi     = {10.1016/j.patcog.2005.09.012},
    url     = {http://dx.doi.org/10.1016/j.patcog.2005.09.012}
}

@article{data_aggregation, author = {Gionis, Aristides and Mannila, Heikki and Tsaparas, Panayiotis}, title = {Clustering Aggregation}, year = {2007}, issue_date = {March 2007}, publisher = {Association for Computing Machinery}, address = {New York, NY, USA}, volume = {1}, number = {1}, issn = {1556-4681}, url = {https://doi.org/10.1145/1217299.1217303}, doi = {10.1145/1217299.1217303}, journal = {ACM Trans. Knowl. Discov. Data}, month = mar, pages = {4–es}, numpages = {30}, keywords = {clustering categorical data, Data clustering, clustering aggregation, correlation clustering} }

@article{data_compound, author = {Zahn, C. T.}, title = {Graph-Theoretical Methods for Detecting and Describing Gestalt Clusters}, year = {1971}, issue_date = {January 1971}, publisher = {IEEE Computer Society}, address = {USA}, volume = {20}, number = {1}, issn = {0018-9340}, url = {https://doi.org/10.1109/T-C.1971.223083}, doi = {10.1109/T-C.1971.223083}, journal = {IEEE Trans. Comput.}, month = jan, pages = {68–86}, numpages = {19}, keywords = {pattern recognition., Clustering, nearest neighbor methods, gestalt psychology, data structure analysis, graph theory, numerical taxonomy, feature space evaluation, minimal spanning trees} }

@article{data_pathbased_spiral,
author = {Chang, Hong and Yeung, Dit-Yan},
year = {2008},
month = {01},
pages = {191-203},
title = {Robust path-based spectral clustering},
volume = {41},
journal = {Pattern Recognition},
doi = {10.1016/j.patcog.2007.04.010}
}

@article{data_d31_r15,
author = {Veenman, Cor and Reinders, Marcel and Backer, Eric},
year = {2002},
month = {10},
pages = {1273- 1280},
title = {A maximum variance cluster algorithm},
volume = {24},
journal = {Pattern Analysis and Machine Intelligence, IEEE Transactions on},
doi = {10.1109/TPAMI.2002.1033218}
}

@InProceedings{data_jain,
author="Jain, Anil K.
and Law, Martin H. C.",
editor="Pal, Sankar K.
and Bandyopadhyay, Sanghamitra
and Biswas, Sambhunath",
title="Data Clustering: A User's Dilemma",
booktitle="Pattern Recognition and Machine Intelligence",
year="2005",
publisher="Springer Berlin Heidelberg",
address="Berlin, Heidelberg",
pages="1--10",
abstract="Cluster analysis deals with the automatic discovery of the grouping of a set of patterns. Despite more than 40 years of research, there are still many challenges in data clustering from both theoretical and practical viewpoints. In this paper, we describe several recent advances in data clustering: clustering ensemble, feature selection, and clustering with constraints.",
isbn="978-3-540-32420-1"
}

@ARTICLE{data_flame,
author={Fu, L. and Medico, E.},
title={FLAME, a novel fuzzy clustering method for the analysis of DNA microarray data},
journal={BMC Bioinformatics},
year={2007},
volume={8},
doi={10.1186/1471-2105-8-3},
art_number={3},
note={cited By 322},
url={https://www.scopus.com/inward/record.uri?eid=2-s2.0-39449096984&doi=10.1186%2f1471-2105-8-3&partnerID=40&md5=32aa6a6a1057675999df4b9f69801232},
document_type={Article},
source={Scopus},
}


# SOCIAL CHOICE FUNCTIONS ------------------------------------------------------

@book{borda,	
	author	= {Borda, Jean Charles},	
	title	= {M\'emoire sur les \'Elections au Scrutin},	
	publisher	= {Histoire de l'Acad\'emie Royale des Sciences},
	year	= {1781},	
	address	= {Paris}
}

@article{young
,	author	= {Young, H Peyton}
,	title	= {Social choice scoring functions}
,	journal	= {SIAM Journal on Applied Mathematics}
,	year	= {1975}
,	volume	= {28}
,	number	= {4}
,	pages	= {824--838}
,	publisher	= {SIAM}
}

------------------------------

@Article{package_NbClust,
    title = {{NbClust}: An {R} Package for Determining the Relevant Number of Clusters in a Data Set},
    author = {Malika Charrad and Nadia Ghazzali and V{\'e}ronique Boiteau and Azam Niknafs},
    journal = {Journal of Statistical Software},
    year = {2014},
    volume = {61},
    number = {6},
    pages = {1--36},
    url = {http://www.jstatsoft.org/v61/i06/},
  }

  
-------------------

@article{Dirac1953888,
  title   = "The lorentz transformation and absolute time",
  journal = "Physica ",
  volume  = "19",
  number  = "1-–12",
  pages   = "888--896",
  year    = "1953",
  doi     = "10.1016/S0031-8914(53)80099-6",
  author  = "P.A.M. Dirac"
}

@article{Feynman1963118,
  title   = "The theory of a general quantum system interacting with a linear dissipative system",
  journal = "Annals of Physics ",
  volume  = "24",
  pages   = "118--173",
  year    = "1963",
  doi     = "10.1016/0003-4916(63)90068-X",
  author  = "R.P Feynman and F.L {Vernon Jr.}"
}
